@article{lowe04,
  title={Distinctive image features from scale-invariant keypoints},
  author={Lowe, David G},
  journal={International journal of computer vision},
  volume={60},
  number={2},
  pages={91--110},
  year={2004},
  publisher={Springer}
}

@mastersthesis{dubrovsky09,
	title={Homography {E}stimation},
	author={Dubrovsky, Elan},
	school={The University of British Columbia},
	year={2009}
}

@misc{evc14,
	title={Einf√ºhrung in {V}isual {C}omputing: {S}kriptum zur {V}{U}},
	author={Sablatnig, Robert and Purgathofer, Werner},
	chapter={24},
	school={Vienna University of Technology},
	year={2014}
}

@misc{kriegman07,
	title={Homography {E}stimation},
	author={Kriegman, David},
	school={University of California, San Diego},
	year={2007}
}